@misc{inrc,
	author = "Stefaan Haspeslagh and Patrick {De Causmaecker} and Martin St√∏levik and Andrea Schaerf",
	title = "First international nurse rostering competition 2010",
	type = "Competition description",
	url = "https://nrpcompetition.kuleuven-kulak.be/wp-content/uploads/2020/06/nrpcompetition_description.pdf",
}
